<record><leader>00000cas a22000007a 4500</leader><controlfield tag="001">12888360</controlfield><controlfield tag="008">851210d18991914iauwr ne      0    0eng d</controlfield><datafield ind1=" " ind2=" " tag="010"><subfield code="a">sn 85049858 </subfield></datafield><datafield ind1=" " ind2=" " tag="040"><subfield code="a">INP</subfield><subfield code="b">eng</subfield><subfield code="c">INP</subfield><subfield code="d">OCLCQ</subfield></datafield><datafield ind1=" " ind2=" " tag="042"><subfield code="a">msc</subfield></datafield><datafield ind1="0" ind2=" " tag="130"><subfield code="a">Logan gazette (Logan, Iowa)</subfield></datafield><datafield ind1="1" ind2="4" tag="245"><subfield code="a">The Logan gazette.</subfield></datafield><datafield ind1="1" ind2="7" tag="246"><subfield code="a">Gazette, Logan, Iowa</subfield><subfield code="f">May 7-Dec. 17, 1914</subfield></datafield><datafield ind1=" " ind2=" " tag="260"><subfield code="a">Logan, Harrison County, Iowa :</subfield><subfield code="b">J.M. Davis,</subfield><subfield code="c">1899-1914.</subfield></datafield><datafield ind1=" " ind2=" " tag="300"><subfield code="a">16 v. :</subfield><subfield code="b">ill.</subfield></datafield><datafield ind1=" " ind2=" " tag="310"><subfield code="a">Weekly</subfield></datafield><datafield ind1="0" ind2=" " tag="362"><subfield code="a">1st year, no. 1 (Aug. 18, 1899)-v. 16, no. 20 (Dec. 17, 1914).</subfield></datafield><datafield ind1=" " ind2=" " tag="500"><subfield code="a">Publishers: J.M. Davis, Aug. 18, 1899-Apr. 30, 1914; F.N. Withey, May 7-Dec. 10, 1914; J.B. McKnight, Dec. 17, 1914.</subfield></datafield><datafield ind1=" " ind2=" " tag="500"><subfield code="a">Editors: J.M. Davis, Aug. 18, 1899-Apr. 30, 1914; F.N. Withey, May 7-Dec. 10, 1914; J.B. McKnight, Dec. 17, 1914.</subfield></datafield><datafield ind1=" " ind2=" " tag="752"><subfield code="a">United States</subfield><subfield code="b">Iowa</subfield><subfield code="c">Harrison</subfield><subfield code="d">Logan.</subfield></datafield><datafield ind1="0" ind2="0" tag="785"><subfield code="t">Harrison County Democrat (Logan, Iowa : 1914)</subfield><subfield code="w">(DLC)sn 85049859</subfield></datafield><datafield ind1="1" ind2=" " tag="029"><subfield code="a">AU@</subfield><subfield code="b">000025785737</subfield></datafield></record>